fiscalDateEnding;goodwill;totalLiabilities;totalShareholderEquity;totalRevenue;ebit;netIncome_x;operatingCashflow;capitalExpenditures;Net Income;Diluted EPS;Symbol
2007-03-31;None;38170750;-29461500;18250;-19983250;-19539250;-13367250;2450500;-19539250;;TSLA
2007-12-31;None;62853250;-49928500;3685500;-19626000;-20695500;-13103000;2407500;-20695500;;TSLA
2008-03-31;None;62853250;-49928500;3685500;-19626000;-20695500;-13103000;2407500;-20695500;;TSLA
2008-09-30;None;251413000;-199714000;14162000;-23224000;-25498000;-22354000;144000;-25498000;;TSLA
2008-12-31;None;251413000;-199714000;14162000;-23224000;-25498000;-22354000;144000;-25498000;;TSLA
2009-03-31;None;95986750;-63380750;20886000;-16594000;-16016000;-16163000;902000;-16016000;;TSLA
2009-06-30;None;386561000;-230645000;26945000;-8087000;-10867000;-12166000;2527000;-10867000;;TSLA
2009-09-30;None;386561000;-230645000;45527000;-4291000;-4615000;-23489000;2256000;-4615000;;TSLA
2009-12-31;None;383947000;-253523000;18585000;-22925000;-24242000;-29007000;6199000;-24242000;;TSLA
2010-03-31;None;101141000;44179000;20812000;-25998000;-29519000;-27329000;5472000;-29519000;;TSLA
2010-06-30;None;457749000;-309775000;28405000;-31362000;-38517000;-17862000;12200000;-38517000;-0.0271;TSLA
2010-09-30;None;141698000;219923000;31241000;-37834000;-34935000;-45957000;7768000;-34934000;-0.03;TSLA
2010-12-31;None;179034000;207048000;36286000;-51645000;-51358000;-34284000;17148000;-51358000;-0.04;TSLA
2011-03-31;None;239551000;167738000;49030000;-47346000;-48941000;-43297000;20476000;-48941000;-0.03;TSLA
2011-06-30;0;297703000;348452000;58171000;-58739000;-58903000;-22488000;54314000;-58903000;-0.04;TSLA
2011-09-30;0;406132000;294118000;57666000;-64477000;-65078000;-21491000;68844000;-65078000;-0.04;TSLA
2011-12-31;0;489403000;224045000;39375000;-80927000;-81489000;-27088000;54262000;-81489000;-0.05;TSLA
2012-03-31;0;607226000;153874000;30167000;-88763000;-89873000;-63300000;67987000;-89873000;-0.05;TSLA
2012-06-30;0;714654000;62215000;26653000;-106175000;-105603000;-64264000;58003000;-105603000;-0.06;TSLA
2012-09-30;0;837052000;-27875000;50104000;-108460000;-110804000;-101026000;62398000;-110806000;-0.06;TSLA
2012-12-31;0;989490000;124700000;306332000;-90883000;-89931000;-60061000;41483000;-89931000;-0.04;TSLA
2013-03-31;0;975195000;168583000;561792000;11517000;11248000;64079000;57727000;11248000;0.01;TSLA
2013-06-30;0;1258418000;629426000;405139000;-10085000;-30502000;-35298000;40515000;-30502000;0.01;TSLA
2013-09-30;0;1602044000;564165000;431346000;-30554000;-38496000;102036000;76548000;-38496000;0.01;TSLA
2013-12-31;0;1749809000;667121000;615219000;-8677000;-16264000;129762000;89434000;-16264000;0.02;TSLA
2014-03-31;0;3588355000;912055000;620542000;-37108000;-49800000;58723000;141364000;-49800000;0.01;TSLA
2014-06-30;0;4102131000;952333000;769349000;-29512000;-61900000;-1662000;175685000;-61902000;0.01;TSLA
2014-09-30;0;4479439000;958094000;851804000;-41919000;-74708000;-27996000;284175000;-74709000;0.02;TSLA
2014-12-31;0;4937541000;911710000;956661000;-74838000;-107629000;-86402000;368661000;-107629000;-0.01;TSLA
2015-03-31;0;5294033000;825997000;939880000;-102446000;-154181000;-131794000;426060000;-154181000;-0.02;TSLA
2015-06-30;0;5752251000;715934000;954976000;-170188000;-184227000;-159516000;405165000;-184227000;-0.03;TSLA
2015-09-30;0;6232841000;1314656000;936789000;-183662000;-229858000;-203340000;392403000;-229858000;-0.04;TSLA
2015-12-31;0;7003516000;1088944000;1214380000;-260333000;-320397000;-29849000;411222000;-320397000;-0.06;TSLA
2016-03-31;0;8221338000;970364000;1147048000;-248224000;-282267000;-249605000;216859000;-282267000;-0.04;TSLA
2016-06-30;0;9348658000;2520294000;1270017000;-238040000;-293188000;150336000;294720000;-293188000;-0.07;TSLA
2016-09-30;0;9911909000;2680488000;2298436000;85622000;21878000;423649000;247611000;21878000;0.05;TSLA
2016-12-31;0;16758951000;5905125000;2284631000;-143295000;-219469000;-448209000;681281000;-219469000;-0.14;TSLA
2017-03-31;40984000;18892636000;6161090000;2696270000;-272557000;-330277000;-69811000;772572000;-397181000;-0.09;TSLA
2017-06-30;43766000;19461590000;6582115000;2789557000;-277339000;-336397000;-200172000;1157912000;-401427000;-0.09;TSLA
2017-09-30;45236000;21929414000;6177660000;2984675000;-535480000;-619376000;-300562000;1244727000;-671163000;-0.19;TSLA
2017-12-31;60237000;23023050000;5632322000;3288249000;-598141000;-770807000;509891000;906143000;-770807000;-0.2;TSLA
2018-03-31;61284000;21551023000;5720406000;3408751000;-596974000;-709551000;-398376000;728637000;-784627000;-0.22;TSLA
2018-06-30;64284000;22642887000;5267113000;4002231000;-461983000;-742706000;-129664000;677213000;-742706000;-0.2;TSLA
2018-09-30;65226000;23409144000;5853569000;6824413000;416757000;311516000;1391040000;559150000;311516000;0.19;TSLA
2018-12-31;68000000;23426010000;6313604000;7225873000;413536000;210078000;1234561000;353901000;210078000;0.13;TSLA
2019-03-31;74312000;22874618000;6037906000;4541464000;-443848000;-667645000;-640000000;305193000;-668000000;-0.19;TSLA
2019-06-30;153475000;24722136000;7150461000;6349676000;-80507000;-389262000;864000000;273000000;-408334000;-0.07;TSLA
2019-09-30;186000000;25313000000;7482000000;6303000000;361000000;143000000;756000000;410000000;143000000;0.12;TSLA
2019-12-31;198000000;26199000000;8110000000;7384000000;359000000;105000000;1425000000;449000000;132000000;0.14;TSLA
2020-03-31;193000000;26578000000;10672000000;5985000000;239000000;68000000;-440000000;481000000;16000000;0.08;TSLA
2020-06-30;196000000;26798000000;11337000000;6036000000;327000000;104000000;964000000;566000000;104000000;0.15;TSLA
2020-09-30;203000000;28191000000;17500000000;8771000000;809000000;331000000;2400000000;1026000000;300000000;0.25;TSLA
2020-12-31;207000000;28469000000;23679000000;10744000000;575000000;239000000;3019000000;1169000000;296000000;0.27;TSLA
2021-03-31;206000000;28507000000;24465000000;10389000000;594000000;438000000;1641000000;2860000000;464000000;0.31;TSLA
2021-06-30;203000000;28896000000;26250000000;11958000000;1312000000;1142000000;2124000000;1515000000;1142000000;0.48;TSLA
2021-09-30;201000000;29340000000;28494000000;13757000000;2004000000;1618000000;3147000000;1825000000;1618000000;0.62;TSLA
2021-12-31;200000000;31116000000;31015000000;17719000000;2706000000;2343000000;4585000000;1814000000;2343000000;0.85;TSLA
2022-03-31;200000000;30632000000;35406000000;18756000000;3603000000;3280000000;3995000000;1781000000;3280000000;1.07;TSLA
2022-06-30;196000000;30855000000;37658000000;16934000000;2464000000;2259000000;2351000000;1730000000;2256000000;0.76;TSLA
2022-09-30;191000000;33302000000;41124000000;21454000000;3688000000;3292000000;5100000000;1803000000;3292000000;1.05;TSLA
2022-12-31;194000000;36440000000;45898000000;24318000000;3901000000;3687000000;3278000000;1858000000;3687000000;1.19;TSLA
2023-03-31;195000000;37598000000;49235000000;23329000000;2664000000;2513000000;2513000000;2073000000;2513000000;0.85;TSLA
2023-06-30;263000000;38409000000;52182000000;24927000000;2399000000;2703000000;3065000000;2060000000;2614000000;0.91;TSLA
2023-09-30;250000000;39446000000;54495000000;23350000000;2083000000;1853000000;3308000000;2459000000;1851000000;0.66;TSLA
2023-12-31;253000000;43009000000;63609000000;25167000000;2252000000;7930000000;4370000000;2307000000;7943000000;0.71;TSLA
2024-03-31;250000000;44046000000;65180000000;21301000000;1629000000;1390000000;242000000;2777000000;1129000000;0.45;TSLA
2024-06-30;249000000;45569000000;67263000000;25500000000;1973000000;1400000000;3612000000;2272000000;1478000000;0.52;TSLA
2024-09-30;253000000;49142000000;70710000000;25182000000;2876000000;2167000000;6255000000;3513000000;2172000000;0.62;TSLA
2024-12-31;244000000;48390000000;72913000000;25707000000;2862000000;2314000000;4814000000;2780000000;2332000000;0.73;TSLA
2025-03-31;248000000;49693000000;74653000000;19335000000;680000000;409000000;2156000000;1492000000;420000000;0.12;TSLA
2025-06-30;258000000;50495000000;77314000000;22496000000;1635000000;1172000000;2540000000;2394000000;1190000000;0.33;TSLA
2025-09-30;257000000;53019000000;79970000000;28095000000;2035000000;1373000000;6238000000;2248000000;1389000000;0.39;TSLA
