fiscalDateEnding;goodwill;totalLiabilities;totalShareholderEquity;totalRevenue;ebit;netIncome_x;operatingCashflow;capitalExpenditures;Net Income;Diluted EPS;Symbol
1996-08-31;;;;;;;;;;0.04;ADBE
1996-11-30;;;;;;;;;;0.06;ADBE
1997-02-28;;;;;;;;;;0.08;ADBE
1997-05-31;;;;;;;;;;0.07;ADBE
1997-08-31;;;;;;;;;;0.07;ADBE
1997-11-30;;;;;;;;;;0.07;ADBE
1998-02-28;;;;;;;;;;0.04;ADBE
1998-05-31;;;;;;;;;;0.05;ADBE
1998-08-31;;;;;;;;;;0.05;ADBE
1998-11-30;;;;;;;;;;0.1;ADBE
1999-02-28;;;;;;;;;;0.08;ADBE
1999-05-31;;;;;;;;;;0.09;ADBE
1999-08-31;;;;;;;;;;0.1;ADBE
1999-11-30;;;;;;;;;;0.12;ADBE
2000-02-29;;;;;;;;;;0.12;ADBE
2000-05-31;;;;;;;;;;0.13;ADBE
2000-08-31;;;;;;;;;;0.14;ADBE
2000-11-30;;;;;;;;;;0.17;ADBE
2001-02-28;;;;;;;;;;0.17;ADBE
2001-05-31;;;;;;;;;;0.17;ADBE
2001-08-31;;;;;;;;;;0.14;ADBE
2001-11-30;;;;;;;;;;0.1;ADBE
2002-02-28;;;;;;;;;;0.11;ADBE
2002-05-31;;;;;;;;;;0.14;ADBE
2002-08-31;;;;;;;;;;0.11;ADBE
2002-11-30;;;;;;;;;;0.13;ADBE
2003-02-28;;;;;;;;;;0.13;ADBE
2003-05-31;;;;;;;;;;0.14;ADBE
2003-08-31;;;;;;;;;;0.14;ADBE
2003-11-30;;;;;;;;;;0.17;ADBE
2004-02-29;;;;;;;;;;0.25;ADBE
2004-05-31;;;;;;;;;;0.22;ADBE
2004-08-31;;;;;;;;;;0.22;ADBE
2004-11-30;;;;;;;;;;0.22;ADBE
2005-02-28;;;;;;;;;;0.27;ADBE
2005-05-31;;;;;;;;;;0.28;ADBE
2005-08-31;118683000.0;525444000.0;2080151000.0;487039000.0;183588000.0;144916000.0;173021000.0;17470000.0;144916000.0;0.29;ADBE
2005-11-30;118683000.0;575989000.0;1864326000.0;510371000.0;191930000.0;156251000.0;222253000.0;10769000.0;156251000.0;0.3;ADBE
2006-02-28;2126173000.0;725121000.0;5076612000.0;655478000.0;148964000.0;105072000.0;177801000.0;11634000.0;105072000.0;0.17;ADBE
2006-05-31;2143625000.0;732879000.0;4768607000.0;635456000.0;149143000.0;123097000.0;241266000.0;19683000.0;123097000.0;0.2;ADBE
2006-08-31;2147557000.0;706966000.0;4913819000.0;602191000.0;110065000.0;94396000.0;180191000.0;18852000.0;94396000.0;0.29;ADBE
2006-11-30;2149494000.0;810672000.0;5151876000.0;682175000.0;162854000.0;183244000.0;327981000.0;33081000.0;183244000.0;0.33;ADBE
2007-02-28;2134058000.0;796109000.0;5108075000.0;649407000.0;146347000.0;143851000.0;270518000.0;48300000.0;143851000.0;0.3;ADBE
2007-05-31;2147034000.0;940237000.0;5195712000.0;745577000.0;180418000.0;152505000.0;345399000.0;23484000.0;152505000.0;0.25;ADBE
2007-08-31;2153093000.0;933461000.0;4733000000.0;851686000.0;255543000.0;205243000.0;425170000.0;32160000.0;205243000.0;0.45;ADBE
2007-11-30;2148102000.0;1063697000.0;4649982000.0;911211000.0;275832000.0;222208000.0;398216000.0;28131000.0;222208000.0;0.49;ADBE
2008-02-29;2144368000.0;1526751000.0;3814150000.0;890445000.0;276862000.0;219379000.0;399300000.0;26268000.0;219379000.0;0.48;ADBE
2008-05-31;2135167000.0;1419760000.0;4040657000.0;886886000.0;260178000.0;214910000.0;331791000.0;22403000.0;214910000.0;0.5;ADBE
2008-08-31;2134032000.0;1267308000.0;4371442000.0;887257000.0;220663000.0;191608000.0;211771000.0;39810000.0;191608000.0;0.5;ADBE
2008-11-30;2134730000.0;1411244000.0;4410354000.0;915301000.0;302621000.0;245917000.0;337820000.0;23311000.0;245917000.0;0.6;ADBE
2009-02-28;2132375000.0;1276436000.0;4611160000.0;786390000.0;203954000.0;156435000.0;365743000.0;15916000.0;156435000.0;0.45;ADBE
2009-05-31;2134997000.0;1262704000.0;4801041000.0;704673000.0;164350000.0;126071000.0;261529000.0;10312000.0;126071000.0;0.35;ADBE
2009-08-31;2125946000.0;1267402000.0;4694558000.0;697507000.0;174876000.0;136045000.0;236681000.0;58431000.0;136045000.0;0.26;ADBE
2009-11-30;3494589000.0;2391669000.0;4890568000.0;757283000.0;161747000.0;-32043000.0;253819000.0;34933000.0;-32043000.0;0.39;ADBE
2010-02-28;3494073000.0;2773649000.0;5171420000.0;858700000.0;173910000.0;127154000.0;259803000.0;25547000.0;127154000.0;0.4;ADBE
2010-05-31;3488252000.0;2828176000.0;5178755000.0;943035000.0;210249000.0;148611000.0;251090000.0;49628000.0;148611000.0;0.44;ADBE
2010-08-31;3489938000.0;2862171000.0;5084858000.0;990319000.0;313147000.0;230065000.0;291471000.0;39040000.0;230065000.0;0.44;ADBE
2010-11-30;3641844000.0;2948761000.0;5192387000.0;1007946000.0;302797000.0;268850000.0;310631000.0;55427000.0;268850000.0;0.53;ADBE
2011-02-28;3686073000.0;2884617000.0;5425407000.0;1027706000.0;303107000.0;234591000.0;332102000.0;32421000.0;234591000.0;0.58;ADBE
2011-05-31;3693505000.0;2950301000.0;5389415000.0;1023179000.0;275971000.0;229436000.0;389331000.0;37501000.0;229436000.0;0.55;ADBE
2011-08-31;3740199000.0;2928800000.0;5563958000.0;1013212000.0;273150000.0;195101000.0;325128000.0;65475000.0;195101000.0;0.55;ADBE
2011-11-30;3849217000.0;3208070000.0;5783113000.0;1152161000.0;249954000.0;173719000.0;496753000.0;74897000.0;173719000.0;0.67;ADBE
2012-02-29;4138077000.0;3146406000.0;5986302000.0;1045220000.0;287215000.0;185209000.0;314363000.0;51088000.0;185209000.0;0.57;ADBE
2012-05-31;4122813000.0;3266186000.0;6099646000.0;1124449000.0;311203000.0;223876000.0;448218000.0;60767000.0;223876000.0;0.6;ADBE
2012-08-31;4126548000.0;3191320000.0;6438693000.0;1080580000.0;280465000.0;201357000.0;263340000.0;77432000.0;201357000.0;0.4;ADBE
2012-11-30;4133259000.0;3375047000.0;6665182000.0;1153428000.0;307398000.0;222333000.0;473659000.0;81789000.0;222333000.0;0.61;ADBE
2013-02-28;4221487000.0;3360373000.0;6805338000.0;1007873000.0;100318000.0;65117000.0;322031000.0;60190000.0;65117000.0;0.35;ADBE
2013-05-31;4225169000.0;3353067000.0;6927302000.0;1010549000.0;108332000.0;76546000.0;299148000.0;46249000.0;76546000.0;0.15;ADBE
2013-08-31;4752315000.0;3399397000.0;6834759000.0;995119000.0;110007000.0;83002000.0;215525000.0;46798000.0;83002000.0;0.32;ADBE
2013-11-30;4771981000.0;3655664000.0;6724634000.0;1041699000.0;105130000.0;65320000.0;314982000.0;35121000.0;65320000.0;0.32;ADBE
2014-02-28;4782448000.0;3634999000.0;6610883000.0;1000120000.0;79409000.0;47046000.0;251673000.0;29393000.0;47046000.0;0.3;ADBE
2014-05-31;4773798000.0;3735311000.0;6636888000.0;1068208000.0;134892000.0;88527000.0;367536000.0;27198000.0;88527000.0;0.37;ADBE
2014-08-31;4746781000.0;3762420000.0;6731260000.0;1005409000.0;74377000.0;44686000.0;268520000.0;54966000.0;44686000.0;0.28;ADBE
2014-11-30;4721962000.0;4009924000.0;6775905000.0;1073328000.0;124953000.0;88136000.0;399932000.0;36775000.0;73292000.0;0.36;ADBE
2015-02-28;5396174000.0;4419402000.0;6589020000.0;1109181000.0;174780000.0;84888000.0;183015000.0;35546000.0;84888000.0;0.44;ADBE
2015-05-31;5388971000.0;4555280000.0;6610103000.0;1162158000.0;193651000.0;147493000.0;471484000.0;35730000.0;147493000.0;0.48;ADBE
2015-08-31;5402159000.0;4667063000.0;6841332000.0;1217768000.0;245268000.0;174465000.0;360488000.0;48984000.0;174465000.0;0.54;ADBE
2015-11-30;5366881000.0;4724892000.0;7001580000.0;1306404000.0;313455000.0;222705000.0;454515000.0;64676000.0;222705000.0;0.62;ADBE
2016-02-29;5389000000.0;4815480000.0;7081202000.0;1383335000.0;307758000.0;254307000.0;497527000.0;46200000.0;254307000.0;0.66;ADBE
2016-05-31;5444556000.0;4968172000.0;7248611000.0;1398709000.0;344239000.0;244074000.0;488715000.0;53759000.0;244074000.0;0.71;ADBE
2016-08-31;5433180000.0;5089495000.0;7277946000.0;1463967000.0;373582000.0;270788000.0;517885000.0;55213000.0;270788000.0;0.75;ADBE
2016-11-30;5406474000.0;5282279000.0;7424835000.0;1608419000.0;474218000.0;399613000.0;695601000.0;48633000.0;399613000.0;0.9;ADBE
2017-02-28;5753575000.0;5456093000.0;7588690000.0;1681646000.0;478762000.0;398446000.0;730370000.0;30903000.0;398446000.0;0.94;ADBE
2017-05-31;5788703000.0;5560902000.0;7803998000.0;1772190000.0;510965000.0;374390000.0;644827000.0;55297000.0;374390000.0;1.02;ADBE
2017-08-31;5820656000.0;5736381000.0;8170434000.0;1841074000.0;560188000.0;419569000.0;704436000.0;54238000.0;419569000.0;1.1;ADBE
2017-11-30;5821561000.0;6075687000.0;8459869000.0;2006595000.0;649340000.0;501549000.0;833220000.0;37684000.0;501549000.0;1.26;ADBE
2018-02-28;5843899000.0;6339457000.0;8634028000.0;2078947000.0;722401000.0;583076000.0;989601000.0;95142000.0;583076000.0;1.55;ADBE
2018-05-31;5823792000.0;6457821000.0;8705583000.0;2195360000.0;711162000.0;663167000.0;976406000.0;45316000.0;663167000.0;1.66;ADBE
2018-08-31;7136853000.0;6533695000.0;8861925000.0;2291076000.0;722465000.0;666291000.0;955304000.0;63558000.0;666291000.0;1.73;ADBE
2018-11-30;10581048000.0;9406568000.0;9362114000.0;2464625000.0;720546000.0;678240000.0;1107993000.0;62563000.0;678240000.0;1.83;ADBE
2019-02-28;10707715000.0;9634051000.0;9871485000.0;2600946000.0;742927000.0;674241000.0;1013448000.0;65268000.0;674241000.0;1.71;ADBE
2019-05-31;10697874000.0;9734216000.0;9931693000.0;2744280000.0;750000000.0;632593000.0;1109326000.0;85492000.0;632593000.0;1.83;ADBE
2019-08-31;10688068000.0;9812107000.0;10242773000.0;2834126000.0;874017000.0;792763000.0;922140000.0;89125000.0;792763000.0;2.05;ADBE
2019-11-30;10691000000.0;10232000000.0;10530000000.0;2991944000.0;993358000.0;851861000.0;1376400000.0;94096000.0;851861000.0;2.29;ADBE
2020-02-29;10691000000.0;10749000000.0;10465000000.0;3091000000.0;952000000.0;955000000.0;1325000000.0;94000000.0;955000000.0;2.27;ADBE
2020-05-31;10695000000.0;10722000000.0;10881000000.0;3128000000.0;1028000000.0;1100000000.0;1184000000.0;96000000.0;1100000000.0;2.45;ADBE
2020-08-31;10739000000.0;10701000000.0;11713000000.0;3225000000.0;1088000000.0;955000000.0;1436000000.0;126000000.0;955000000.0;2.57;ADBE
2020-11-30;10742000000.0;11020000000.0;13264000000.0;3424000000.0;1224000000.0;2250000000.0;1782000000.0;103000000.0;2250000000.0;2.81;ADBE
2021-02-28;11845000000.0;11439000000.0;13546000000.0;3905000000.0;1463000000.0;1261000000.0;1772000000.0;59000000.0;1261000000.0;3.14;ADBE
2021-05-31;11859000000.0;11730000000.0;13852000000.0;3835000000.0;1414000000.0;1116000000.0;1988000000.0;95000000.0;1116000000.0;3.03;ADBE
2021-08-31;11838000000.0;11730000000.0;14414000000.0;3935000000.0;1445000000.0;1212000000.0;1415000000.0;95000000.0;1212000000.0;3.11;ADBE
2021-11-30;12668000000.0;12444000000.0;14797000000.0;4110000000.0;1496000000.0;1233000000.0;2066000000.0;99000000.0;1233000000.0;3.2;ADBE
2022-02-28;12795000000.0;12201000000.0;13775000000.0;4262000000.0;1571000000.0;1266000000.0;1769000000.0;100000000.0;1266000000.0;3.37;ADBE
2022-05-31;12801000000.0;12341000000.0;13985000000.0;4386000000.0;1520000000.0;1178000000.0;2040000000.0;126000000.0;1178000000.0;3.35;ADBE
2022-08-31;12756000000.0;12371000000.0;14373000000.0;4433000000.0;1484000000.0;1136000000.0;1704000000.0;125000000.0;1136000000.0;3.4;ADBE
2022-11-30;12787000000.0;13114000000.0;14051000000.0;4525000000.0;1505000000.0;1176000000.0;2325000000.0;91000000.0;1176000000.0;3.6;ADBE
2023-02-28;12792000000.0;12461000000.0;14206000000.0;4655000000.0;1586000000.0;1247000000.0;1693000000.0;101000000.0;1247000000.0;2.71;ADBE
2023-05-31;12796000000.0;13000000000.0;14838000000.0;4816000000.0;1676000000.0;1295000000.0;2139000000.0;121000000.0;1295000000.0;3.91;ADBE
2023-08-31;12800000000.0;13314000000.0;15776000000.0;4890000000.0;1770000000.0;1403000000.0;1873000000.0;91000000.0;1403000000.0;4.1;ADBE
2023-11-30;12805000000.0;13261000000.0;16518000000.0;5048000000.0;1836000000.0;1483000000.0;1597000000.0;47000000.0;1483000000.0;4.27;ADBE
2024-02-29;12803000000.0;13291000000.0;15460000000.0;5182000000.0;995000000.0;620000000.0;1174000000.0;75000000.0;620000000.0;4.48;ADBE
2024-05-31;12803000000.0;15164000000.0;14843000000.0;5309000000.0;1971000000.0;1573000000.0;1940000000.0;52000000.0;1573000000.0;3.49;ADBE
2024-08-31;12814000000.0;15285000000.0;14545000000.0;5408000000.0;2093000000.0;1684000000.0;2021000000.0;57000000.0;1684000000.0;4.65;ADBE
2024-11-30;12788000000.0;16125000000.0;14105000000.0;5606000000.0;2041000000.0;1683000000.0;2921000000.0;48000000.0;1683000000.0;4.81;ADBE
2025-02-28;12777000000.0;16860000000.0;13095000000.0;5714000000.0;2244000000.0;1811000000.0;2482000000.0;26000000.0;1811000000.0;5.08;ADBE
2025-05-31;12830000000.0;16659000000.0;11448000000.0;5873000000.0;2169000000.0;1691000000.0;2191000000.0;47000000.0;1691000000.0;5.06;ADBE
2025-08-31;12862000000.0;16984000000.0;11770000000.0;5988000000.0;2254000000.0;1772000000.0;2198000000.0;72000000.0;1772000000.0;5.31;ADBE
2025-11-30;;;;;;;;;;4.45;ADBE
