fiscalDateEnding;goodwill;totalLiabilities;totalShareholderEquity;totalRevenue;ebit;netIncome_x;operatingCashflow;capitalExpenditures;Net Income;Diluted EPS;Symbol
1997-06-30;;;;;;;;;;-0.02;AMZN
1997-09-30;;;;;;;;;;-0.03;AMZN
1997-12-31;;;;;;;;;;-0.03;AMZN
1998-03-31;;;;;;;;;;-0.03;AMZN
1998-06-30;;;;;;;;;;-0.07;AMZN
1998-09-30;;;;;;;;;;-0.08;AMZN
1998-12-31;;;;;;;;;;-0.07;AMZN
1999-03-31;;;;;;;;;;-0.01;AMZN
1999-06-30;;;;;;;;;;-0.01;AMZN
1999-09-30;;;;;;;;;;-0.01;AMZN
1999-12-31;;;;;;;;;;-0.03;AMZN
2000-03-31;;;;;;;;;;-0.02;AMZN
2000-06-30;;;;;;;;;;-0.02;AMZN
2000-09-30;;;;;;;;;;-0.01;AMZN
2000-12-31;;;;;;;;;;-0.01;AMZN
2001-03-31;;;;;;;;;;-0.01;AMZN
2001-06-30;;;;;;;;;;-0.01;AMZN
2001-09-30;;;;;;;;;;-0.01;AMZN
2001-12-31;;;;;;;;;;0.09;AMZN
2002-03-31;;;;;;;;;;-0.01;AMZN
2002-06-30;;;;;;;;;;-0.01;AMZN
2002-09-30;;;;;;;;;;-0.0924;AMZN
2002-12-31;;;;;;;;;;0.01;AMZN
2003-03-31;;;;;;;;;;0.01;AMZN
2003-06-30;;;;;;;;;;0.01;AMZN
2003-09-30;;;;;;;;;;0.01;AMZN
2003-12-31;;;;;;;;;;0.01;AMZN
2004-03-31;;;;;;;;;;0.01;AMZN
2004-06-30;;;;;;;;;;0.01;AMZN
2004-09-30;;;;;;;;;;0.01;AMZN
2004-12-31;;;;;;;;;;0.02;AMZN
2005-03-31;;;;;;;;;;0.01;AMZN
2005-06-30;;;;;;;;;;0.01;AMZN
2005-09-30;159000000;2826000000;6000000;1858000000;55000000;30000000;153000000;76000000;30000000;0.07;AMZN
2005-12-31;159000000;3450000000;246000000;2977000000;165000000;173000000;630000000;55000000;199000000;0.02;AMZN
2006-03-31;193000000;2666000000;324000000;2279000000;106000000;51000000;-303000000;46000000;51000000;0.01;AMZN
2006-06-30;193000000;2782000000;383000000;2139000000;47000000;22000000;130000000;58000000;22000000;0.05;AMZN
2006-09-30;194000000;3072000000;196000000;2307000000;40000000;19000000;130000000;62000000;19000000;0.05;AMZN
2006-12-31;195000000;3932000000;431000000;3986000000;197000000;97000000;744000000;50000000;97000000;0.01;AMZN
2007-03-31;196000000;3308000000;353000000;3015000000;145000000;111000000;-279000000;34000000;111000000;0.01;AMZN
2007-06-30;214000000;3434000000;550000000;2886000000;116000000;78000000;299000000;47000000;78000000;0.01;AMZN
2007-09-30;218000000;3857000000;761000000;3262000000;123000000;80000000;237000000;69000000;80000000;0.01;AMZN
2007-12-31;222000000;5288000000;1197000000;5672000000;271000000;207000000;1148000000;73000000;207000000;0.02;AMZN
2008-03-31;392000000;4413000000;1470000000;4135000000;198000000;143000000;-645000000;61000000;143000000;0.02;AMZN
2008-06-30;400000000;4092000000;2230000000;4063000000;217000000;158000000;347000000;69000000;158000000;0.02;AMZN
2008-09-30;405000000;4039000000;2527000000;4264000000;154000000;118000000;424000000;102000000;118000000;0.01;AMZN
2008-12-31;438000000;5642000000;2672000000;6704000000;273000000;225000000;1571000000;102000000;225000000;0.03;AMZN
2009-03-31;433000000;4062000000;2918000000;4889000000;244000000;177000000;-585000000;55000000;177000000;0.02;AMZN
2009-06-30;451000000;4419000000;3256000000;4651000000;159000000;142000000;468000000;78000000;142000000;0.02;AMZN
2009-09-30;457000000;5387000000;3585000000;5449000000;251000000;199000000;799000000;103000000;199000000;0.02;AMZN
2009-12-31;1234000000;8556000000;5257000000;9520000000;476000000;384000000;2611000000;137000000;384000000;0.04;AMZN
2010-03-31;1234000000;6424000000;5618000000;7131000000;394000000;299000000;-1098000000;140000000;299000000;0.03;AMZN
2010-06-30;1229000000;6540000000;5857000000;6566000000;270000000;207000000;250000000;196000000;207000000;0.02;AMZN
2010-09-30;1277000000;7765000000;6397000000;7560000000;268000000;231000000;855000000;315000000;231000000;0.03;AMZN
2010-12-31;1349000000;11933000000;6864000000;12947000000;474000000;416000000;3488000000;328000000;416000000;0.05;AMZN
2011-03-31;1513000000;9535000000;7347000000;9857000000;322000000;201000000;-1586000000;298000000;201000000;0.02;AMZN
2011-06-30;1909000000;10176000000;7765000000;9913000000;201000000;191000000;423000000;433000000;191000000;0.02;AMZN
2011-09-30;1934000000;11288000000;7766000000;10876000000;79000000;63000000;797000000;529000000;63000000;0.01;AMZN
2011-12-31;1955000000;17521000000;7757000000;17431000000;260000000;177000000;4269000000;550000000;177000000;0.02;AMZN
2012-03-31;1970000000;13068000000;7271000000;13185000000;192000000;130000000;-2438000000;386000000;130000000;0.01;AMZN
2012-06-30;2521000000;13517000000;7505000000;12834000000;107000000;7000000;594000000;657000000;7000000;0.01;AMZN
2012-09-30;2540000000;15281000000;7553000000;13806000000;-28000000;-274000000;943000000;716000000;-274000000;-0.01;AMZN
2012-12-31;2552000000;24363000000;8192000000;21268000000;405000000;98000000;5081000000;2026000000;97000000;0.01;AMZN
2013-03-31;2535000000;19945000000;8432000000;16070000000;181000000;82000000;-2372000000;670000000;82000000;0.01;AMZN
2013-06-30;2614000000;20890000000;8733000000;15704000000;79000000;-7000000;880000000;855000000;-7000000;-0.02;AMZN
2013-09-30;2635000000;22774000000;9087000000;17092000000;-25000000;-41000000;1388000000;1038000000;-41000000;-0.09;AMZN
2013-12-31;2655000000;30413000000;9746000000;25587000000;510000000;240000000;5578000000;879000000;239000000;0.03;AMZN
2014-03-31;2653000000;26036000000;10328000000;19741000000;146000000;108000000;-2502000000;1080000000;108000000;0.01;AMZN
2014-06-30;2677000000;27296000000;10602000000;19340000000;-15000000;-126000000;862000000;1290000000;-126000000;-0.01;AMZN
2014-09-30;3332000000;30083000000;10336000000;20579000000;-544000000;-437000000;1766000000;1378000000;-437000000;-0.05;AMZN
2014-12-31;3319000000;43764000000;10741000000;29329000000;590000000;214000000;6715000000;1145000000;214000000;0.02;AMZN
2015-03-31;3491000000;39202000000;10873000000;22717000000;255000000;-57000000;-1499000000;871000000;-57000000;-0.01;AMZN
2015-06-30;3523000000;40672000000;11768000000;23185000000;464000000;92000000;1997000000;1213000000;92000000;0.01;AMZN
2015-09-30;3529000000;43800000000;12430000000;25358000000;406000000;79000000;2610000000;1195000000;79000000;0.01;AMZN
2015-12-31;3759000000;51363000000;13384000000;35747000000;1109000000;482000000;8812000000;1309000000;482000000;0.05;AMZN
2016-03-31;3785000000;46372000000;14756000000;29128000000;1071000000;513000000;-1953000000;1179000000;513000000;0.05;AMZN
2016-06-30;3774000000;48538000000;16538000000;30404000000;1285000000;857000000;3578000000;1711000000;857000000;0.09;AMZN
2016-09-30;3815000000;53115000000;17782000000;32714000000;575000000;252000000;4659000000;1841000000;252000000;0.03;AMZN
2016-12-31;3784000000;64117000000;19285000000;43741000000;1255000000;749000000;10652000000;2006000000;749000000;0.08;AMZN
2017-03-31;3823000000;59295000000;21674000000;35714000000;1005000000;724000000;-1619000000;2148000000;724000000;0.07;AMZN
2017-06-30;4254000000;64567000000;23214000000;37955000000;628000000;197000000;3850000000;3113000000;197000000;0.02;AMZN
2017-09-30;13271000000;90609000000;24658000000;43744000000;347000000;256000000;3777000000;3074000000;256000000;0.03;AMZN
2017-12-31;13350000000;103601000000;27709000000;60453000000;2127000000;1856000000;12344000000;4933000000;1857000000;0.11;AMZN
2018-03-31;13388000000;94899000000;31463000000;51042000000;1927000000;1629000000;-1791000000;3098000000;1629000000;0.16;AMZN
2018-06-30;13944000000;99105000000;34995000000;52886000000;2983000000;2534000000;7449000000;3243000000;2534000000;0.25;AMZN
2018-09-30;14553000000;104570000000;39125000000;56576000000;3724000000;2883000000;8588000000;3352000000;2883000000;0.29;AMZN
2018-12-31;14548000000;119099000000;43549000000;72383000000;3786000000;3027000000;16477000000;3734000000;3027000000;0.3;AMZN
2019-03-31;14708000000;129692000000;48410000000;59700000000;4420000000;3561000000;1846000000;3290000000;3561000000;0.35;AMZN
2019-06-30;14727000000;138290000000;53061000000;63404000000;3084000000;2625000000;9118000000;3562000000;2625000000;0.26;AMZN
2019-09-30;14734000000;142591000000;56508000000;69981000000;3020000000;2134000000;7892000000;4697000000;2134000000;0.21;AMZN
2019-12-31;14754000000;163188000000;62060000000;87436000000;3880000000;3268000000;19659000000;5312000000;3268000000;0.32;AMZN
2020-03-31;14739000000;155966000000;65272000000;75452000000;3989000000;2535000000;3064000000;6795000000;2535000000;0.25;AMZN
2020-06-30;14751000000;184586000000;73728000000;88912000000;5843000000;5243000000;20606000000;7459000000;5243000000;0.52;AMZN
2020-09-30;14960000000;199404000000;82775000000;96145000000;6194000000;6331000000;11964000000;11063000000;6331000000;0.62;AMZN
2020-12-31;15017000000;227791000000;93404000000;125555000000;6873000000;7222000000;30431000000;14823000000;7222000000;0.7;AMZN
2021-03-31;15220000000;219757000000;103320000000;108518000000;8865000000;8107000000;4213000000;12082000000;8107000000;0.79;AMZN
2021-06-30;15350000000;245516000000;114803000000;113080000000;7702000000;7778000000;12715000000;14288000000;7778000000;0.76;AMZN
2021-09-30;15345000000;261842000000;120564000000;110812000000;4852000000;3156000000;7313000000;15748000000;3156000000;0.31;AMZN
2021-12-31;15371000000;282304000000;138245000000;137412000000;3460000000;14323000000;22086000000;18935000000;14323000000;0.29;AMZN
2022-03-31;20229000000;276766000000;134001000000;116444000000;3669000000;-3844000000;-2790000000;14951000000;-3844000000;0.37;AMZN
2022-06-30;20195000000;288326000000;131402000000;121234000000;3317000000;-2028000000;8965000000;15724000000;-2028000000;0.18;AMZN
2022-09-30;20168000000;290873000000;137489000000;127101000000;2525000000;2872000000;11404000000;16378000000;2872000000;0.17;AMZN
2022-12-31;20288000000;316632000000;146043000000;149204000000;2547000000;278000000;29173000000;16592000000;278000000;0.25;AMZN
2023-03-31;22749000000;309852000000;154526000000;127358000000;4774000000;3172000000;4788000000;14207000000;3172000000;0.31;AMZN
2023-06-30;22785000000;309005000000;168602000000;134383000000;7681000000;6750000000;16476000000;11455000000;6750000000;0.65;AMZN
2023-09-30;22749000000;303910000000;182973000000;143083000000;11188000000;9879000000;21217000000;12479000000;9879000000;0.94;AMZN
2023-12-31;22789000000;325979000000;201875000000;169961000000;13209000000;10624000000;42465000000;14588000000;10624000000;1;AMZN
2024-03-31;22770000000;314308000000;216661000000;143313000000;15307000000;10431000000;18989000000;14925000000;10431000000;0.98;AMZN
2024-06-30;22879000000;318371000000;236447000000;147977000000;14769000000;13485000000;25281000000;17620000000;13485000000;1.26;AMZN
2024-09-30;23081000000;325475000000;259151000000;158877000000;18640000000;15328000000;25971000000;22620000000;15328000000;1.43;AMZN
2024-12-31;23074000000;338924000000;285970000000;187792000000;22919000000;20004000000;45636000000;27834000000;20004000000;1.86;AMZN
2025-03-31;23089000000;337389000000;305867000000;155667000000;22220000000;17127000000;17015000000;25019000000;17127000000;1.59;AMZN
2025-06-30;23155000000;348395000000;333775000000;167702000000;21373000000;18164000000;32515000000;32183000000;18164000000;1.68;AMZN
2025-09-30;23260000000;358290000000;369631000000;180169000000;28708000000;21187000000;35525000000;35095000000;21187000000;1.95;AMZN
