fiscalDateEnding;goodwill;totalLiabilities;totalShareholderEquity;totalRevenue;ebit;netIncome_x;operatingCashflow;capitalExpenditures;Net Income;Diluted EPS;Symbol
2005-09-30;None;657933000;8793068000;1578456000;550356000;381182000;646747000;292532000;381182000;;GOOG
2005-12-31;None;852856000;9418957000;1919092000;569639000;372208000;658434000;245831000;372208000;;GOOG
2006-03-31;318806000;1051602000;10243268000;2253800000;810626000;592291000;824804000;344938000;592291000;;GOOG
2006-06-30;318597000;1038998000;13357008000;2456000000;976354000;721077000;840586000;887506000;721077000;;GOOG
2006-09-30;337145000;1296145000;14397087000;2689700000;1039532000;733361000;1004324000;303716000;733361000;;GOOG
2006-12-31;1545119000;1433511000;17039840000;3205498000;723484000;1030717000;910794000;366638000;1030717000;;GOOG
2007-03-31;1620566000;1638228000;18377210000;3664000000;1352279000;1002162000;1219593000;596893000;1002162000;;GOOG
2007-06-30;1723124000;1764277000;19659608000;3872000000;1104630000;925120000;1229926000;575098000;925120000;;GOOG
2007-09-30;2277397000;2303879000;21036771000;4231400000;1317891000;1069989000;1632643000;552640000;1069989000;;GOOG
2007-12-31;2299368000;2646127000;22689679000;4826686000;1608198000;1206449000;1693248000;678209000;1206449000;;GOOG
2008-03-31;4791399000;3267447000;24337535000;5186000000;1546192000;1307086000;1779446000;841597000;1307086000;;GOOG
2008-06-30;4853805000;3266771000;25913015000;5367200000;1577953000;1247391000;1766154000;697517000;1247391000;;GOOG
2008-09-30;4821646000;3332112000;27474862000;5541400000;1647574000;1289938000;2184958000;451503000;1289939000;;GOOG
2008-12-31;4839854000;3528713000;28238862000;5700950000;1860251000;382442000;2122299000;367844000;382442000;;GOOG
2009-03-31;4830315000;3664934000;29848095000;5509000000;1884000000;1423000000;2249512000;262755000;1422828000;;GOOG
2009-06-30;4836913000;3563904000;31594856000;5523000000;1874000000;1485000000;1609172000;139437000;1484545000;;GOOG
2009-09-30;4849217000;3981092000;33721753000;5945000000;2074000000;1639000000;2725983000;186339000;1638975000;;GOOG
2009-12-31;4902565000;4492554000;36004224000;6673863000;2481021000;1974100000;2731531000;221357000;1974100000;;GOOG
2010-03-31;5122000000;4588000000;38283000000;6775000000;2488000000;1955000000;2584000000;239000000;1955000000;;GOOG
2010-06-30;5788000000;7432000000;40613000000;6820000000;2365000000;1840000000;2085000000;476000000;1840000000;;GOOG
2010-09-30;6099000000;10052000000;43290000000;7286000000;2714000000;2167000000;2886000000;757000000;2167000000;;GOOG
2010-12-31;6256000000;11610000000;46241000000;8440000000;2982000000;2543000000;3526000000;2545000000;2543000000;;GOOG
2011-03-31;6308000000;11109000000;48851000000;8575000000;2396000000;1798000000;3172000000;890000000;1798000000;;GOOG
2011-06-30;6677000000;12870000000;51991000000;9026000000;3098000000;2505000000;3519000000;917000000;2505000000;;GOOG
2011-09-30;6989000000;14258000000;54830000000;9720000000;3381000000;2729000000;3950000000;680000000;2729000000;;GOOG
2011-12-31;7346000000;14429000000;58145000000;10583000000;3509000000;2704000000;3924000000;951000000;2705000000;;GOOG
2012-03-31;7325000000;15432000000;61712000000;10645000000;3565000000;2890000000;3694000000;607000000;2890000000;;GOOG
2012-06-30;10120000000;21330000000;64721000000;11807000000;3512000000;2785000000;4252000000;774000000;2785000000;;GOOG
2012-09-30;10485000000;21702000000;68028000000;13304000000;2826000000;2176000000;4004000000;872000000;2176000000;;GOOG
2012-12-31;10537000000;22083000000;71715000000;13215000000;3606000000;2886000000;4669000000;1020000000;2886000000;;GOOG
2013-03-31;10595000000;21219000000;75473000000;12951000000;3903000000;3346000000;3633000000;1203000000;3346000000;;GOOG
2013-06-30;11396000000;22330000000;78852000000;13107000000;3720000000;3228000000;4705000000;1611000000;3228000000;;GOOG
2013-09-30;11426000000;22079000000;82989000000;13754000000;3794000000;2970000000;5083000000;2289000000;2970000000;;GOOG
2013-12-31;11492000000;23611000000;87309000000;16858000000;4068000000;3376000000;5238000000;2255000000;3376000000;;GOOG
2014-03-31;14177000000;24815000000;91711000000;15420000000;4496000000;3452000000;4391000000;2345000000;3452000000;6.27;GOOG
2014-06-30;14586000000;25859000000;95749000000;15955000000;4430000000;3351000000;5627000000;2646000000;3422000000;6.08;GOOG
2014-09-30;15461000000;26966000000;98815000000;16523000000;3882000000;2739000000;5994000000;2417000000;2813000000;0.3175;GOOG
2014-12-31;15599000000;26633000000;104500000000;18103000000;4552000000;4757000000;6364000000;3551000000;4757000000;0.344;GOOG
2015-03-31;15573000000;24952000000;108448000000;17258000000;4630000000;3515000000;6617000000;2927000000;3586000000;0.3285;GOOG
2015-06-30;15610000000;27024000000;111783000000;17727000000;4982000000;3931000000;6985000000;2515000000;3931000000;0.3495;GOOG
2015-09-30;15675000000;28040000000;116241000000;18675000000;4917000000;3979000000;6007000000;2373000000;3979000000;0.3675;GOOG
2015-12-31;15869000000;27130000000;120331000000;21329000000;5226000000;4923000000;6415000000;2100000000;4923000000;0.4335;GOOG
2016-03-31;15866000000;26178000000;123569000000;20257000000;5159000000;4207000000;7658000000;2428000000;4207000000;0.375;GOOG
2016-06-30;15841000000;26413000000;127879000000;21500000000;6151000000;4877000000;9120000000;2123000000;4877000000;0.421;GOOG
2016-09-30;16028000000;25845000000;134103000000;22451000000;6074000000;5061000000;9845000000;2554000000;5061000000;0.453;GOOG
2016-12-31;16468000000;28461000000;139036000000;26064000000;6890000000;5333000000;9413000000;3078000000;5333000000;0.468;GOOG
2017-03-31;16547000000;27807000000;144949000000;24750000000;6844000000;5426000000;9548000000;2508000000;5426000000;0.3865;GOOG
2017-06-30;16604000000;30335000000;148286000000;26010000000;4398000000;3524000000;7403000000;2831000000;3524000000;0.2505;GOOG
2017-09-30;16731000000;32436000000;157100000000;27772000000;8006000000;6732000000;9872000000;3538000000;6732000000;0.4785;GOOG
2017-12-31;16747000000;44793000000;152502000000;32323000000;8054000000;-3020000000;10268000000;4307000000;-3020000000;0.485;GOOG
2018-03-31;17862000000;46110000000;160825000000;31146000000;10573000000;9401000000;11642000000;7299000000;9401000000;0.6665;GOOG
2018-06-30;17895000000;49610000000;162000000000;32657000000;4242000000;3195000000;10132000000;5477000000;3195000000;0.227;GOOG
2018-09-30;17895000000;51698000000;169840000000;33740000000;10111000000;9192000000;13210000000;5282000000;9192000000;0.653;GOOG
2018-12-31;17888000000;55164000000;177628000000;39276000000;10101000000;8948000000;12987000000;7081000000;8948000000;0.6385;GOOG
2019-03-31;17943000000;61877000000;183472000000;36339000000;8181000000;6657000000;12000000000;4638000000;6657000000;0.475;GOOG
2019-06-30;18000000000;64909000000;192192000000;38944000000;12172000000;9947000000;12627000000;6126000000;9947000000;0.7105;GOOG
2019-09-30;18069000000;68075000000;194969000000;40499000000;8651000000;7068000000;15466000000;6732000000;7068000000;0.506;GOOG
2019-12-31;20624000000;74467000000;201442000000;46075000000;10721000000;10671000000;14427000000;6052000000;10671000000;0.7675;GOOG
2020-03-31;20734000000;69744000000;203659000000;41159000000;7778000000;6836000000;11451000000;6005000000;6836000000;0.4935;GOOG
2020-06-30;20824000000;71170000000;207322000000;38297000000;8290000000;6959000000;13993000000;5391000000;6959000000;0.51;GOOG
2020-09-30;20870000000;86323000000;212920000000;46173000000;13407000000;11247000000;17003000000;5406000000;11247000000;0.82;GOOG
2020-12-31;21175000000;97072000000;222544000000;56898000000;18742000000;15227000000;22677000000;5479000000;15227000000;1.12;GOOG
2021-03-31;22341000000;97082000000;230013000000;55314000000;21359000000;17930000000;19289000000;5942000000;17930000000;1.31;GOOG
2021-06-30;22406000000;97822000000;237565000000;61880000000;22061000000;18525000000;21890000000;5496000000;18525000000;1.36;GOOG
2021-09-30;22623000000;102836000000;244567000000;65118000000;23141000000;18936000000;25539000000;6819000000;18936000000;1.4;GOOG
2021-12-31;22956000000;107633000000;251635000000;75325000000;24519000000;20642000000;24934000000;6383000000;20642000000;1.53;GOOG
2022-03-31;23010000000;103092000000;254004000000;68011000000;19017000000;16436000000;25106000000;9786000000;16436000000;1.23;GOOG
2022-06-30;23949000000;99766000000;255419000000;69685000000;19097000000;16002000000;19422000000;6828000000;16002000000;1.21;GOOG
2022-09-30;28834000000;104629000000;253626000000;69092000000;16334000000;13910000000;23353000000;7276000000;13910000000;1.06;GOOG
2022-12-31;28960000000;109120000000;256144000000;76048000000;17237000000;13624000000;23614000000;7595000000;13624000000;1.05;GOOG
2023-03-31;28994000000;108597000000;260894000000;69787000000;18285000000;15051000000;23509000000;6289000000;15051000000;1.17;GOOG
2023-06-30;29210000000;115903000000;267141000000;74604000000;21946000000;18368000000;28666000000;6888000000;18368000000;1.44;GOOG
2023-09-30;29146000000;123509000000;273202000000;76693000000;21343000000;19689000000;30656000000;8055000000;19689000000;1.55;GOOG
2023-12-31;29198000000;119013000000;283379000000;86310000000;23697000000;20687000000;18915000000;11019000000;20687000000;1.64;GOOG
2024-03-31;29183000000;114506000000;292844000000;80539000000;25472000000;23662000000;28848000000;12012000000;23662000000;1.89;GOOG
2024-06-30;29185000000;114017000000;300753000000;84742000000;27618000000;23619000000;26640000000;13186000000;23619000000;1.89;GOOG
2024-09-30;31935000000;116147000000;314119000000;88268000000;31760000000;26301000000;30698000000;13061000000;26301000000;2.12;GOOG
2024-12-31;31885000000;125172000000;325084000000;96469000000;32296000000;26536000000;39113000000;14276000000;26536000000;2.15;GOOG
2025-03-31;32173000000;130107000000;345267000000;90234000000;41823000000;34540000000;36150000000;17197000000;34540000000;2.81;GOOG
2025-06-30;32335000000;139137000000;362916000000;96428000000;34194000000;28196000000;27747000000;22446000000;28196000000;2.31;GOOG
2025-09-30;33269000000;149602000000;386867000000;102346000000;44130000000;34979000000;48414000000;23953000000;34979000000;3.0917;GOOG
