fiscalDateEnding;goodwill;totalLiabilities;totalShareholderEquity;totalRevenue;ebit;netIncome_x;operatingCashflow;capitalExpenditures;Net Income;Diluted EPS;Symbol
1996-02-29;;;;;;;;;;0.05;NKE
1996-05-31;;;;;;;;;;0.07;NKE
1996-08-31;;;;;;;;;;0.1;NKE
1996-11-30;;;;;;;;;;0.08;NKE
1997-02-28;;;;;;;;;;0.1;NKE
1997-05-31;;;;;;;;;;0.07;NKE
1997-08-31;;;;;;;;;;0.11;NKE
1997-11-30;;;;;;;;;;0.06;NKE
1998-02-28;;;;;;;;;;0.03;NKE
1998-05-31;;;;;;;;;;0.01;NKE
1998-08-31;;;;;;;;;;0.07;NKE
1998-11-30;;;;;;;;;;0.03;NKE
1999-02-28;;;;;;;;;;0.06;NKE
1999-05-31;;;;;;;;;;0.05;NKE
1999-08-31;;;;;;;;;;0.09;NKE
1999-11-30;;;;;;;;;;0.05;NKE
2000-02-29;;;;;;;;;;0.07;NKE
2000-05-31;;;;;;;;;;0.06;NKE
2000-08-31;;;;;;;;;;0.1;NKE
2000-11-30;;;;;;;;;;0.06;NKE
2001-02-28;;;;;;;;;;0.04;NKE
2001-05-31;;;;;;;;;;0.08;NKE
2001-08-31;;;;;;;;;;0.09;NKE
2001-11-30;;;;;;;;;;0.06;NKE
2002-02-28;;;;;;;;;;0.06;NKE
2002-05-31;;;;;;;;;;0.1;NKE
2002-08-31;;;;;;;;;;0.1;NKE
2002-11-30;;;;;;;;;;0.07;NKE
2003-02-28;;;;;;;;;;0.06;NKE
2003-05-31;;;;;;;;;;0.12;NKE
2003-08-31;;;;;;;;;;0.12;NKE
2003-11-30;;;;;;;;;;0.08;NKE
2004-02-29;;;;;;;;;;0.09;NKE
2004-05-31;;;;;;;;;;0.14;NKE
2004-08-31;;;;;;;;;;0.15;NKE
2004-11-30;;;;;;;;;;0.12;NKE
2005-02-28;;;;;;;;;;0.13;NKE
2005-05-31;;;;;;;;;;0.16;NKE
2005-08-31;540100000;3151900000;5963800000;3862000000;643700000;432300000;261700000;58500000;432300000;0.2;NKE
2005-11-30;539300000;3062600000;6081500000;3474700000;456700000;301100000;476500000;106200000;301100000;0.14;NKE
2006-02-28;541500000;3256600000;6261600000;3612800000;487500000;325800000;214900000;67400000;325800000;0.16;NKE
2006-05-31;130800000;3584400000;6285200000;4005400000;521300000;332800000;714800000;101600000;332800000;0.16;NKE
2006-08-31;130800000;3349600000;6220900000;4194100000;559500000;377200000;231800000;72300000;377200000;0.18;NKE
2006-11-30;130800000;3284100000;6538100000;3821700000;433400000;325600000;309800000;82800000;325600000;0.14;NKE
2007-02-28;130800000;3370600000;6848000000;3926900000;491900000;350800000;373200000;62000000;350800000;0.17;NKE
2007-05-31;130800000;3662900000;7025400000;4383200000;647000000;437900000;963900000;96400000;437900000;0.22;NKE
2007-08-31;130800000;3658900000;7354600000;4655100000;652300000;569700000;319500000;91800000;569700000;0.23;NKE
2007-11-30;130800000;3962400000;7492200000;4339500000;491600000;359400000;630400000;110100000;359400000;0.18;NKE
2008-02-29;130800000;4175000000;7613200000;4544400000;644700000;463800000;353900000;90400000;463800000;0.23;NKE
2008-05-31;448800000;4617400000;7825300000;5088000000;645100000;490500000;632500000;156900000;490500000;0.25;NKE
2008-08-31;425100000;4562200000;8032600000;5432200000;705700000;510500000;357600000;106700000;510500000;0.26;NKE
2008-11-30;376800000;4518500000;8116200000;4590100000;503200000;391000000;280700000;118200000;391000000;0.2;NKE
2009-02-28;187200000;4044900000;8210800000;4440800000;596400000;243800000;24100000;110400000;243800000;0.25;NKE
2009-05-31;193500000;4556500000;8693100000;4713000000;649500000;341400000;1073700000;120400000;341400000;0.18;NKE
2009-08-31;194900000;4100200000;9090400000;4799000000;670000000;513000000;709000000;80500000;513000000;0.26;NKE
2009-11-30;196200000;4134600000;9223800000;4405000000;493000000;375000000;668100000;92100000;375400000;0.19;NKE
2010-02-28;190700000;4147400000;9428900000;4733000000;655000000;497000000;511900000;67500000;496400000;0.25;NKE
2010-05-31;187600000;4665600000;9753700000;5076900000;668300000;521900000;1275200000;95000000;521900000;0.27;NKE
2010-08-31;192000000;4391000000;9660000000;5175000000;761000000;559000000;212000000;89000000;559000000;0.28;NKE
2010-11-30;192000000;4515000000;9949000000;4842000000;610000000;457000000;435000000;102000000;457000000;0.24;NKE
2011-02-28;194000000;4576000000;9902000000;5079000000;707000000;523000000;323000000;112000000;523000000;0.27;NKE
2011-05-31;205000000;5155000000;9843000000;5766000000;815000000;594000000;842000000;129000000;594000000;0.31;NKE
2011-08-31;204000000;4904000000;9899000000;6081000000;870000000;645000000;87000000;114000000;645000000;0.34;NKE
2011-11-30;201000000;4722000000;9843000000;5546000000;645000000;469000000;510000000;145000000;469000000;0.25;NKE
2012-02-29;202000000;4618000000;10176000000;5656000000;777000000;560000000;328000000;120000000;560000000;0.3;NKE
2012-05-31;131000000;5084000000;10381000000;6470000000;797000000;549000000;974000000;218000000;549000000;0.29;NKE
2012-08-31;202000000;5067000000;10047000000;6474000000;769000000;567000000;535000000;107000000;567000000;0.31;NKE
2012-11-30;131000000;5157000000;10014000000;5955000000;694000000;384000000;710000000;143000000;384000000;0.28;NKE
2013-02-28;131000000;4948000000;10667000000;6187000000;873000000;866000000;423000000;151000000;866000000;0.48;NKE
2013-05-31;131000000;6464000000;11081000000;6697000000;918000000;668000000;1359000000;235000000;668000000;0.37;NKE
2013-08-31;131000000;6392000000;11282000000;6971000000;1074000000;779000000;597000000;215000000;780000000;0.43;NKE
2013-11-30;131000000;6476000000;11344000000;6431000000;735000000;534000000;332000000;213000000;537000000;0.3;NKE
2014-02-28;131000000;6670000000;11133000000;6972000000;934000000;682000000;754000000;242000000;685000000;0.38;NKE
2014-05-31;131000000;7770000000;10824000000;7425000000;929000000;691000000;1320000000;210000000;691000000;0.39;NKE
2014-08-31;131000000;7416000000;11105000000;7982000000;1241000000;962000000;588000000;262000000;962000000;0.55;NKE
2014-11-30;131000000;7467000000;11700000000;7380000000;889000000;655000000;647000000;225000000;655000000;0.37;NKE
2015-02-28;131000000;8173000000;12368000000;7460000000;1047000000;791000000;2103000000;236000000;791000000;0.45;NKE
2015-05-31;131000000;8890000000;12707000000;7779000000;998000000;865000000;1342000000;240000000;865000000;0.49;NKE
2015-08-31;131000000;7872000000;12894000000;8414000000;1418000000;1179000000;491000000;327000000;1179000000;0.67;NKE
2015-11-30;131000000;9178000000;13405000000;7686000000;941000000;785000000;545000000;288000000;785000000;0.45;NKE
2016-02-29;131000000;8687000000;12300000000;8032000000;1123000000;950000000;876000000;286000000;950000000;0.55;NKE
2016-05-31;131000000;9121000000;12258000000;8244000000;1020000000;846000000;1184000000;242000000;846000000;0.49;NKE
2016-08-31;139000000;8991000000;12165000000;9061000000;1226000000;1249000000;721000000;277000000;1249000000;0.73;NKE
2016-11-30;139000000;10329000000;12323000000;8180000000;1111000000;842000000;963000000;235000000;842000000;0.5;NKE
2017-02-28;139000000;10430000000;12722000000;8432000000;1254000000;1141000000;1067000000;264000000;1141000000;0.68;NKE
2017-05-31;139000000;10852000000;12407000000;8677000000;1158000000;1008000000;889000000;329000000;1008000000;0.6;NKE
2017-08-31;139000000;11654000000;11993000000;9070000000;1106000000;950000000;575000000;270000000;950000000;0.57;NKE
2017-11-30;139000000;12297000000;11758000000;8554000000;910000000;767000000;1323000000;228000000;767000000;0.46;NKE
2018-02-28;139000000;12770000000;9782000000;8984000000;1171000000;-921000000;787000000;230000000;-921000000;0.68;NKE
2018-05-31;154000000;12724000000;9812000000;9789000000;1258000000;1137000000;2270000000;300000000;1137000000;0.69;NKE
2018-08-31;154000000;13491000000;8992000000;9948000000;1334000000;1092000000;1301000000;343000000;1092000000;0.67;NKE
2018-11-30;154000000;13948000000;8729000000;9374000000;963000000;847000000;1524000000;287000000;847000000;0.52;NKE
2019-02-28;154000000;13960000000;8961000000;9611000000;1248000000;1101000000;1068000000;216000000;1101000000;0.68;NKE
2019-05-31;154000000;14677000000;9040000000;10184000000;1227000000;989000000;2010000000;273000000;989000000;0.62;NKE
2019-08-31;224000000;17049000000;9200000000;10660000000;1543000000;1367000000;394000000;284000000;1367000000;0.86;NKE
2019-11-30;224000000;17251000000;9351000000;10326000000;1220000000;1115000000;912000000;238000000;1115000000;0.7;NKE
2020-02-29;223000000;17175000000;9045000000;10104000000;1190000000;847000000;1180000000;275000000;847000000;0.53;NKE
2020-05-31;223000000;23287000000;8055000000;6313000000;-838000000;-790000000;-1000000;289000000;-790000000;-0.51;NKE
2020-08-31;223000000;24034000000;9224000000;10594000000;1766000000;1518000000;882000000;176000000;1518000000;0.95;NKE
2020-11-30;223000000;24196000000;10640000000;11243000000;1580000000;1251000000;2473000000;168000000;1251000000;0.78;NKE
2021-02-28;242000000;24254000000;11931000000;10357000000;1678000000;1449000000;1290000000;177000000;1449000000;0.9;NKE
2021-05-31;242000000;24973000000;12767000000;12344000000;1913000000;1509000000;2012000000;174000000;1509000000;0.93;NKE
2021-08-31;242000000;23574000000;14343000000;12248000000;2124000000;1874000000;1111000000;184000000;1874000000;1.16;NKE
2021-11-30;242000000;23993000000;14924000000;11357000000;1454000000;1337000000;2757000000;178000000;1337000000;0.83;NKE
2022-02-28;284000000;23768000000;14809000000;10871000000;1629000000;1396000000;169000000;154000000;1396000000;0.87;NKE
2022-05-31;284000000;25040000000;15281000000;12234000000;1468000000;1439000000;1151000000;242000000;1439000000;1;NKE
2022-08-31;282000000;25266000000;15822000000;12687000000;1695000000;1468000000;357000000;264000000;1468000000;0.93;NKE
2022-11-30;281000000;24375000000;15272000000;13315000000;1587000000;1331000000;1001000000;236000000;1331000000;0.85;NKE
2023-02-28;281000000;23763000000;14531000000;12390000000;1412000000;1240000000;2230000000;200000000;1240000000;0.79;NKE
2023-05-31;281000000;23527000000;14004000000;12825000000;1221000000;1031000000;2253000000;269000000;1031000000;0.66;NKE
2023-08-31;281000000;22815000000;13971000000;12939000000;1604000000;1450000000;-66000000;253000000;1450000000;0.94;NKE
2023-11-30;281000000;23057000000;14146000000;13388000000;1825000000;1578000000;2817000000;205000000;1578000000;1.03;NKE
2024-02-29;240000000;23130000000;14226000000;12429000000;1336000000;1172000000;2059000000;141000000;1172000000;0.98;NKE
2024-05-31;240000000;23680000000;14430000000;12606000000;1546000000;1500000000;2619000000;213000000;1500000000;1.01;NKE
2024-08-31;240000000;23923000000;13944000000;11589000000;1209000000;1051000000;394000000;120000000;1051000000;0.7;NKE
2024-11-30;240000000;23922000000;14037000000;12354000000;1384000000;1163000000;1049000000;129000000;1163000000;0.78;NKE
2025-02-28;239000000;23786000000;14007000000;11269000000;788000000;794000000;1792000000;81000000;794000000;0.54;NKE
2025-05-31;240000000;23366000000;13213000000;11097000000;321000000;211000000;463000000;100000000;211000000;0.14;NKE
2025-08-31;240000000;23866000000;13468000000;11720000000;985000000;727000000;222000000;207000000;727000000;0.49;NKE
