fiscalDateEnding;goodwill;totalLiabilities;totalShareholderEquity;totalRevenue;ebit;netIncome_x;operatingCashflow;capitalExpenditures;Net Income;Diluted EPS;Symbol
1996-03-31;;;;;;;;;;0.08;UNH
1996-06-30;;;;;;;;;;0.05;UNH
1996-09-30;;;;;;;;;;0.06;UNH
1996-12-31;;;;;;;;;;0.06;UNH
1997-03-31;;;;;;;;;;0.07;UNH
1997-06-30;;;;;;;;;;0.07;UNH
1997-09-30;;;;;;;;;;0.07;UNH
1997-12-31;;;;;;;;;;0.07;UNH
1998-03-31;;;;;;;;;;0.08;UNH
1998-06-30;;;;;;;;;;0.08;UNH
1998-09-30;;;;;;;;;;0.08;UNH
1998-12-31;;;;;;;;;;0.08;UNH
1999-03-31;;;;;;;;;;0.09;UNH
1999-06-30;;;;;;;;;;0.1;UNH
1999-09-30;;;;;;;;;;0.1;UNH
1999-12-31;;;;;;;;;;0.11;UNH
2000-03-31;;;;;;;;;;0.12;UNH
2000-06-30;;;;;;;;;;0.13;UNH
2000-09-30;;;;;;;;;;0.14;UNH
2000-12-31;;;;;;;;;;0.14;UNH
2001-03-31;;;;;;;;;;0.16;UNH
2001-06-30;;;;;;;;;;0.17;UNH
2001-09-30;;;;;;;;;;0.18;UNH
2001-12-31;;;;;;;;;;0.19;UNH
2002-03-31;;;;;;;;;;0.23;UNH
2002-06-30;;;;;;;;;;0.25;UNH
2002-09-30;;;;;;;;;;0.28;UNH
2002-12-31;;;;;;;;;;0.3;UNH
2003-03-31;;;;;;;;;;0.32;UNH
2003-06-30;;;;;;;;;;0.36;UNH
2003-09-30;;;;;;;;;;0.39;UNH
2003-12-31;;;;;;;;;;0.42;UNH
2004-03-31;;;;;;;;;;0.44;UNH
2004-06-30;;;;;;;;;;0.47;UNH
2004-09-30;;;;;;;;;;0.52;UNH
2004-12-31;;;;;;;;;;0.55;UNH
2005-03-31;;;;;;;;;;0.58;UNH
2005-06-30;;;;;;;;;;0.61;UNH
2005-09-30;9783000000;18467000000;11229000000;11613000000;1323000000;800000000;1197000000;145000000;842000000;0.64;UNH
2005-12-31;16206000000;23641000000;17815000000;12045000000;1429000000;870000000;632000000;142000000;870000000;0.65;UNH
2006-03-31;16580000000;27428000000;17646000000;17581000000;1473000000;891000000;2888000000;171000000;899000000;0.68;UNH
2006-06-30;16619000000;28599000000;18038000000;17863000000;1667000000;981000000;1724000000;167000000;981000000;0.7;UNH
2006-09-30;16667000000;26924000000;19500000000;17970000000;1863000000;1112000000;314000000;172000000;1112000000;0.8;UNH
2006-12-31;16822000000;27510000000;20810000000;18128000000;1981000000;1175000000;1600000000;218000000;1175000000;0.86;UNH
2007-03-31;16889000000;29941000000;21068000000;19047000000;1582000000;927000000;2588000000;224000000;927000000;0.74;UNH
2007-06-30;16912000000;32089000000;21065000000;19000000000;2074000000;1228000000;1703000000;239000000;1228000000;0.87;UNH
2007-09-30;16909000000;29776000000;20665000000;18679000000;2155000000;1283000000;516000000;223000000;1283000000;0.95;UNH
2007-12-31;16854000000;30836000000;20063000000;18705000000;2038000000;1216000000;1070000000;185000000;1216000000;0.92;UNH
2008-03-31;19307000000;33784000000;19759000000;20304000000;1713000000;994000000;280000000;212000000;994000000;0.78;UNH
2008-06-30;20063000000;34764000000;19404000000;20272000000;673000000;337000000;600000000;203000000;337000000;0.67;UNH
2008-09-30;20051000000;33822000000;19885000000;20156000000;1598000000;920000000;1757000000;183000000;920000000;0.73;UNH
2008-12-31;20088000000;35035000000;20780000000;20454000000;1279000000;726000000;1601000000;193000000;726000000;0.78;UNH
2009-03-31;20078000000;34710000000;21375000000;22004000000;1668000000;984000000;1112000000;160000000;984000000;0.81;UNH
2009-06-30;20358000000;34345000000;21545000000;21655000000;1440000000;859000000;492000000;151000000;859000000;0.73;UNH
2009-09-30;20362000000;34551000000;22898000000;21695000000;1676000000;1035000000;2741000000;172000000;1035000000;0.89;UNH
2009-12-31;20727000000;35439000000;23606000000;21784000000;1575000000;944000000;1280000000;256000000;944000000;0.81;UNH
2010-03-31;20830000000;35222000000;24319000000;23193000000;2016000000;1191000000;1205000000;132000000;1191000000;1.03;UNH
2010-06-30;20985000000;35595000000;24829000000;23264000000;1901000000;1123000000;723000000;211000000;1123000000;0.99;UNH
2010-09-30;22855000000;37412000000;25611000000;23668000000;2145000000;1277000000;2904000000;205000000;1277000000;1.14;UNH
2010-12-31;22745000000;37238000000;25825000000;24030000000;1802000000;1043000000;1441000000;330000000;1043000000;1.05;UNH
2011-03-31;23393000000;38764000000;26571000000;25432000000;2221000000;1346000000;1224000000;213000000;1346000000;1.22;UNH
2011-06-30;23423000000;38752000000;27363000000;25234000000;2099000000;1267000000;1195000000;303000000;1267000000;1.16;UNH
2011-09-30;23723000000;43038000000;27872000000;25280000000;2070000000;1271000000;4964000000;290000000;1271000000;1.17;UNH
2011-12-31;23975000000;39597000000;28292000000;25774000000;2074000000;1258000000;-415000000;261000000;1258000000;1.17;UNH
2012-03-31;25754000000;43834000000;28856000000;27282000000;2317000000;1388000000;3586000000;269000000;1388000000;1.31;UNH
2012-06-30;26191000000;44090000000;29375000000;27265000000;2226000000;1337000000;2185000000;196000000;1337000000;1.27;UNH
2012-09-30;26339000000;41477000000;30223000000;27302000000;2610000000;1557000000;-298000000;321000000;1557000000;1.5;UNH
2012-12-31;31286000000;47586000000;31178000000;28769000000;2101000000;1244000000;1682000000;284000000;1244000000;1.2;UNH
2013-03-31;31810000000;49181000000;31757000000;30340000000;2139000000;1192000000;1053000000;323000000;1240000000;1.16;UNH
2013-06-30;31427000000;48051000000;31381000000;30408000000;2401000000;1436000000;1474000000;156000000;1436000000;1.4;UNH
2013-09-30;31751000000;48717000000;32016000000;30624000000;2631000000;1570000000;3396000000;361000000;1570000000;1.53;UNH
2013-12-31;31604000000;48558000000;32149000000;31117000000;2452000000;1427000000;1068000000;321000000;1427000000;1.41;UNH
2014-03-31;32150000000;50805000000;32549000000;31708000000;2054000000;1099000000;1408000000;353000000;1099000000;1.1;UNH
2014-06-30;32462000000;51228000000;32935000000;32574000000;2552000000;1408000000;1014000000;363000000;1408000000;1.42;UNH
2014-09-30;32357000000;51436000000;32604000000;32759000000;2903000000;1602000000;3200000000;405000000;1602000000;1.63;UNH
2014-12-31;32940000000;52540000000;32454000000;33433000000;2765000000;1510000000;2429000000;326000000;1510000000;1.55;UNH
2015-03-31;32782000000;56389000000;31878000000;35756000000;2640000000;1413000000;2269000000;373000000;1413000000;1.46;UNH
2015-06-30;34154000000;56788000000;33020000000;36263000000;2895000000;1585000000;1163000000;343000000;1585000000;1.64;UNH
2015-09-30;43680000000;73579000000;33114000000;41489000000;3018000000;1597000000;2797000000;356000000;1618000000;1.65;UNH
2015-12-31;44453000000;75922000000;33830000000;43599000000;2468000000;1218000000;3511000000;484000000;1252000000;1.4;UNH
2016-03-31;46294000000;80964000000;35169000000;44527000000;2960000000;1611000000;2318000000;425000000;1627000000;1.81;UNH
2016-06-30;46881000000;81572000000;36386000000;46485000000;3203000000;1754000000;1683000000;388000000;1760000000;1.96;UNH
2016-09-30;47183000000;84151000000;37652000000;46293000000;3580000000;1968000000;7203000000;407000000;1968000000;2.17;UNH
2016-12-31;47584000000;82270000000;38274000000;47535000000;3187000000;1684000000;-1409000000;485000000;1684000000;2.11;UNH
2017-03-31;52376000000;91495000000;41903000000;48723000000;3413000000;2172000000;6456000000;507000000;2172000000;2.37;UNH
2017-06-30;52498000000;91104000000;43161000000;50053000000;3731000000;2284000000;2171000000;418000000;2284000000;2.46;UNH
2017-09-30;53402000000;90952000000;45298000000;50322000000;4088000000;2485000000;7546000000;466000000;2485000000;2.66;UNH
2017-12-31;54556000000;87035000000;47776000000;52061000000;3977000000;3617000000;-2577000000;632000000;3617000000;2.59;UNH
2018-03-31;56850000000;103643000000;47553000000;55188000000;4053000000;2836000000;8369000000;477000000;2924000000;3.04;UNH
2018-06-30;56271000000;101989000000;48293000000;56086000000;4204000000;2922000000;4007000000;483000000;3010000000;3.14;UNH
2018-09-30;58703000000;96722000000;50010000000;56556000000;4590000000;3188000000;941000000;545000000;3188000000;3.41;UNH
2018-12-31;58910000000;95994000000;51696000000;58417000000;4497000000;3040000000;2396000000;558000000;3040000000;3.28;UNH
2019-03-31;59379000000;104692000000;51724000000;60308000000;4832000000;3467000000;3234000000;562000000;3467000000;3.73;UNH
2019-06-30;62000000000;109144000000;53103000000;60595000000;4744000000;3293000000;5874000000;415000000;3293000000;3.6;UNH
2019-09-30;65205000000;113962000000;54996000000;60351000000;5014000000;3538000000;3150000000;444000000;3538000000;3.88;UNH
2019-12-31;65659000000;111727000000;57616000000;60901000000;5095000000;3541000000;6205000000;650000000;3541000000;3.9;UNH
2020-03-31;65302000000;127463000000;56977000000;64421000000;4996000000;3382000000;2943000000;469000000;3382000000;3.72;UNH
2020-06-30;67872000000;124126000000;63624000000;62138000000;9241000000;6637000000;10003000000;451000000;6637000000;7.12;UNH
2020-09-30;68088000000;121018000000;65231000000;65115000000;4651000000;3172000000;3127000000;557000000;3172000000;3.51;UNH
2020-12-31;71337000000;126750000000;65491000000;65467000000;3517000000;2212000000;6101000000;574000000;2212000000;2.52;UNH
2021-03-31;72162000000;134589000000;66404000000;70196000000;6739000000;4862000000;6005000000;568000000;4862000000;5.31;UNH
2021-06-30;75827000000;136971000000;69014000000;71321000000;5978000000;4266000000;5540000000;562000000;4266000000;4.7;UNH
2021-09-30;75435000000;138413000000;70278000000;72337000000;5712000000;4086000000;7580000000;629000000;4086000000;4.52;UNH
2021-12-31;75795000000;135727000000;71760000000;73743000000;5541000000;4071000000;3218000000;695000000;4071000000;4.48;UNH
2022-03-31;77548000000;143591000000;72766000000;80149000000;6950000000;5027000000;5319000000;555000000;5027000000;5.49;UNH
2022-06-30;84159000000;149045000000;72820000000;80332000000;7132000000;5070000000;6871000000;657000000;5199000000;5.57;UNH
2022-09-30;83904000000;160143000000;74646000000;80894000000;7462000000;5262000000;18549000000;724000000;5262000000;5.79;UNH
2022-12-31;93352000000;159358000000;77772000000;82787000000;6891000000;4761000000;-4533000000;866000000;4761000000;5.34;UNH
2023-03-31;100406000000;193057000000;81312000000;91931000000;8086000000;5611000000;16327000000;760000000;5774000000;6.26;UNH
2023-06-30;101669000000;188008000000;82353000000;92903000000;8057000000;5474000000;11032000000;829000000;5657000000;6.14;UNH
2023-09-30;101703000000;188083000000;84494000000;92361000000;8526000000;5841000000;6902000000;838000000;6038000000;6.56;UNH
2023-12-31;103732000000;174801000000;88756000000;94427000000;7689000000;5455000000;-5193000000;959000000;5455000000;6.16;UNH
2024-03-31;105664000000;187292000000;86688000000;99796000000;845000000;-1409000000;1144000000;743000000;-1409000000;6.91;UNH
2024-06-30;105436000000;186822000000;89359000000;98855000000;6650000000;4216000000;6746000000;853000000;4216000000;6.8;UNH
2024-09-30;105978000000;194854000000;94535000000;100820000000;8688000000;6055000000;13945000000;991000000;6055000000;6.51;UNH
2024-12-31;106734000000;195687000000;92658000000;100807000000;7794000000;5543000000;2369000000;912000000;5543000000;6.81;UNH
2025-03-31;107566000000;204621000000;95038000000;109575000000;9104000000;6292000000;5456000000;898000000;6474000000;6.85;UNH
2025-06-30;107677000000;203789000000;94724000000;111616000000;5109000000;3406000000;7188000000;886000000;3572000000;4.08;UNH
2025-09-30;110340000000;209456000000;95787000000;113161000000;4232000000;2348000000;5945000000;890000000;2543000000;2.92;UNH
